@article{Wang15,
  author    = {Ziyu Wang and
               Nando de Freitas and
               Marc Lanctot},
  title     = {Dueling Network Architectures for Deep Reinforcement Learning},
  journal   = {CoRR},
  volume    = {abs/1511.06581},
  year      = {2015},
  url       = {http://arxiv.org/abs/1511.06581},
  archivePrefix = {arXiv},
  eprint    = {1511.06581},
  timestamp = {Tue, 08 Aug 2017 15:06:57 +0200},
  biburl    = {http://dblp.org/rec/bib/journals/corr/WangFL15},
  bibsource = {dblp computer science bibliography, http://dblp.org}
}